<record><leader>01992nam a2200433 i 4500</leader><controlfield tag="001">6799741</controlfield><controlfield tag="003">StDuBDS</controlfield><controlfield tag="005">20150113143005.0</controlfield><controlfield tag="006">m||||||||d||||||||</controlfield><controlfield tag="007">cr |||||||||||</controlfield><controlfield tag="008">140930s2015    enka   fo|    001|0|eng|d</controlfield><datafield ind1=" " ind2=" " tag="020"><subfield code="a">9780191788017 (ebook) :</subfield><subfield code="c">No price</subfield></datafield><datafield ind1=" " ind2=" " tag="035"><subfield code="a">ocn900723874</subfield></datafield><datafield ind1=" " ind2=" " tag="039"><subfield code="a">exclude</subfield></datafield><datafield ind1=" " ind2=" " tag="040"><subfield code="a">StDuBDS</subfield><subfield code="b">eng</subfield><subfield code="c">StDuBDS</subfield><subfield code="e">rda</subfield><subfield code="e">pn</subfield><subfield code="d">AEU</subfield></datafield><datafield ind1=" " ind2="4" tag="050"><subfield code="a">HD9000.6</subfield></datafield><datafield ind1="0" ind2="4" tag="082"><subfield code="a">338.19090511</subfield><subfield code="2">23</subfield></datafield><datafield ind1=" " ind2=" " tag="090"><subfield code="a">Internet Access</subfield><subfield code="b">AEU</subfield></datafield><datafield ind1="0" ind2="0" tag="245"><subfield code="a">Food price policy in an era of market instability :</subfield><subfield code="b">a political economy analysis /</subfield><subfield code="c">Per Pinstrup-Andersen.</subfield></datafield><datafield ind1=" " ind2="1" tag="264"><subfield code="a">Oxford :</subfield><subfield code="b">Oxford University Press,</subfield><subfield code="c">2015.</subfield></datafield><datafield ind1=" " ind2=" " tag="300"><subfield code="a">1 online resource :</subfield><subfield code="b">illustrations (black and white).</subfield></datafield><datafield ind1=" " ind2=" " tag="336"><subfield code="a">text</subfield><subfield code="2">rdacontent</subfield></datafield><datafield ind1=" " ind2=" " tag="336"><subfield code="a">still image</subfield><subfield code="2">rdacontent</subfield></datafield><datafield ind1=" " ind2=" " tag="337"><subfield code="a">computer</subfield><subfield code="2">rdamedia</subfield></datafield><datafield ind1=" " ind2=" " tag="338"><subfield code="a">online resource</subfield><subfield code="2">rdacarrier</subfield></datafield><datafield ind1="1" ind2=" " tag="490"><subfield code="a">WIDER studies in development economics</subfield></datafield><datafield ind1=" " ind2=" " tag="504"><subfield code="a">Includes bibliographical references and index.</subfield></datafield><datafield ind1=" " ind2=" " tag="506"><subfield code="a">Access restricted to authorized users and institutions.</subfield></datafield><datafield ind1="8" ind2=" " tag="520"><subfield code="a">Food price volatility is one of the major challenges facing current and future global food systems. This book analyses how and why governments responded as they did to the global food crisis of 2007-09 and what their decisions can teach us about policy interventions.</subfield></datafield><datafield ind1=" " ind2=" " tag="588"><subfield code="a">Description based on online resource; title from home page (viewed on December 17, 2014).</subfield></datafield><datafield ind1=" " ind2=" " tag="596"><subfield code="a">44</subfield></datafield><datafield ind1=" " ind2="0" tag="650"><subfield code="a">Food prices</subfield><subfield code="x">Government policy.</subfield></datafield><datafield ind1=" " ind2="0" tag="650"><subfield code="a">Food supply</subfield><subfield code="x">Government policy.</subfield></datafield><datafield ind1=" " ind2="0" tag="650"><subfield code="a">Food supply</subfield><subfield code="x">History</subfield><subfield code="y">21st century.</subfield></datafield><datafield ind1="1" ind2=" " tag="700"><subfield code="a">Pinstrup-Andersen, Per,</subfield><subfield code="e">editor.</subfield></datafield><datafield ind1=" " ind2="0" tag="830"><subfield code="a">WIDER studies in development economics.</subfield></datafield><datafield ind1="4" ind2="0" tag="856"><subfield code="3">University of Alberta Access</subfield><subfield code="u">http://dx.doi.org/10.1093/acprof:oso/9780198718574.001.0001</subfield><subfield code="z">(Unlimited Concurrent Users)</subfield></datafield><datafield ind1=" " ind2=" " tag="949"><subfield code="h">UAIN</subfield><subfield code="z">UPSO</subfield></datafield><datafield ind1=" " ind2=" " tag="926"><subfield code="a">Internet Access</subfield><subfield code="w">LC</subfield><subfield code="c">1</subfield><subfield code="i">6799741-1001</subfield><subfield code="l">INTERNET</subfield><subfield code="m">UAINTERNET</subfield><subfield code="r">Y</subfield><subfield code="s">Y</subfield><subfield code="t">E-RESOURCE</subfield><subfield code="u">2/6/2015</subfield><subfield code="x">E-BOOK</subfield><subfield code="z">UPSO</subfield></datafield></record>